
@String{+AAAI1980 = "Proc.\ of the 1st Conference on Artificial
                  Intelligence (AAAI-80)"}

@String{+AAAI1991 = "Proc.\ of the 9th Annual Conference on Artificial
                  Intelligence (AAAI-91)"}




@String{+ACL1983 = "Proc.\ of the 21st Annual Meeting of the ACL"}

@String{+ACL1984 = "Proc.\ of the 22nd Annual Meeting of the ACL"}

@String{+ACL1985 = "Proc.\ of the 23rd Annual Meeting of the ACL"}

@String{+ACL1986 = "Proc.\ of the 24th Annual Meeting of the ACL"}

@String{+ACL1987 = "Proc.\ of the 25th Annual Meeting of the ACL"}

@String{+ACL1988 = "Proc.\ of the 26th Annual Meeting of the ACL"}

@String{+ACL1989 = "Proc.\ of the 27th Annual Meeting of the ACL"}

@String{+ACL1990 = "Proc.\ of the 28th Annual Meeting of the ACL"}

@String{+ACL1991 = "Proc.\ of the 29th Annual Meeting of the ACL"}

@String{+ACL1992 = "Proc.\ of the 30th Annual Meeting of the ACL"}

@String{+ACL1992-SS = "Proc.\ of the 30th Annual Meeting of the ACL, Student Session"}

@String{+ACL1993 = "Proc.\ of the 31st Annual Meeting of the ACL"}

@String{+ACL1994 = "Proc.\ of the 32nd Annual Meeting of the ACL"}

@String{+ACL1995 = "Proc.\ of the 33rd Annual Meeting of the ACL"}

@String{+ACL1996 = "Proc.\ of the 34th Annual Meeting of the ACL"}

@String{+ACL1997 = "Proc.\ of the 35th Annual Meeting of the ACL and 8th
                  Conference of the EACL (ACL-EACL'97)"}

@String{+ACL1997WS-IE = "Proc.\ of ACL/EACL'97 Workshop on Automatic Information
                  Extraction and Building of Lexical Semantic Resources for
                  NLP Applications"}

@String{+ACL1997WS-CA = "Proc.\ of ACL/EACL'97 Workshop on Natural Language Processing for Communication Aids"}

@String{+ACL1998 = "Proc.\ of the 36th Annual Meeting of the ACL and
		  17th International Conference on Computational Linguistics:
		  COLING/ACL-98"}

@String{+ACL1998-SS = "Proc.\ of the 36th Annual Meeting of the ACL and
		  17th International Conference on Computational Linguistics
		  (COLING/ACL-98), Student Session"}

@String{+ACL1999 = "Proc.\ of the 37th Annual Meeting of the ACL"}

@String{+ACL2000 = "Proc.\ of the 38th Annual Meeting of the ACL"}

@String{+ACL2001 = "Proc.\ of the 39th Annual Meeting of the ACL and 10th
                  Conference of the EACL (ACL-EACL 2001)"}

@String{+ACL2001-WSColl = "Proc.\ of the ACL/EACL 2001 Workshop on the
                  Computational Extraction, Analysis and Exploitation of Collocations"}

@String{+ACL2001-DDMT = "Proc.\ of the ACL/EACL 2001 Workshop on Data-Driven
                  Methods in Machine Translation"}

@String{+ACL2002 = "Proc.\ of the 40th Annual Meeting of the ACL and 3rd Annual
                  Meeting of the NAACL (ACL-02)"}

@String{+ACL2002-SS = "Proc.\ of the Student Research Workshop, 40th Annual Meeting of the ACL (ACL-02)"}

@String{+ACL2002-LexAcq = "Proc.\ of the ACL-02 SIGLEX Workshop on Unsupervised Lexical Acquisition"}

@String{+ACL2002-SIGPHON = "Proc.\ of the 6th Meeting of the ACL Special Interest Group in Computational Phonology"}

@String{+ACL2002-WSD = "Proc.\ of the ACL-02 Workshop on Word Sense Disambiguation: Recent Successes and Future Directions"}

@String{+ACL2003 = "Proc.\ of the 41st Annual Meeting of the ACL"}

@String{+ACL2003-MWE = "Proc.\ of the ACL-2003 Workshop on Multiword Expressions: Analysis, Acquisition and Treatment"}

@String{+ACL2004 = "Proc.\ of the 42nd Annual Meeting of the ACL"}

@String{+ACL2004-MWE = "Proc.\ of the ACL 2004 Workshop on Multiword Expressions: Integrating Processing"}

@String{+ACL2004-Senseval = "Proc.\ of Senseval-3: Third International Workshop on the Evaluation of Systems for the Semantic Analysis of Text"}

@String{+ACL2004-TMI = "Proc.\ of the 2nd Workshop on Text Meaning and Interpretation"}

@String{+ACL2005 = "Proc.\ of the 43rd Annual Meeting of the ACL"}



@String{+AMTA1998 = "Proc.\ of AMTA'98: Conference of the Association for Machine Translation in the Americas"}

@String{+AMTA2002 = "Proc.\ of the 6th Conference of the Association for
                  Machine Translation in the Americas (AMTA)"}




@String{+ANLP1988 = "Proc.\ of the 2nd Conference on Applied Natural
		  Language Processing (ANLP)"}

@String{+ANLP1992 = "Proc.\ of the 3rd Conference on Applied Natural
		  Language Processing (ANLP)"}

@String{+ANLP1994 = "Proc.\ of the 4th Conference on Applied Natural
		  Language Processing (ANLP)"}

@String{+ANLP1997 = "Proc.\ of the 5th Conference on Applied Natural
		  Language Processing (ANLP)"}

@String{+ANLP2000 = "Proc.\ of the 6th Conference on Applied Natural
		  Language Processing (ANLP)"}




@String{+ASIALEX2003 = "Proc.\ of the Asian Association for Lexicography (ASIALEX 2003)"}





@String{+ARPA1993 = "Proc.\ of the ARPA Human Language Technology Workshop"}

@String{+ARPA1994 = "Proc.\ of the ARPA Human Language Technology Workshop"}



@String{+BLS1988 = "Proc.\ of the 14th Annual Meeting of the Berkeley Linguistics Society"}

@String{+BLS2001 = "Proc.\ of the 27th Annual Meeting of the Berkeley Linguistics Society"}



@String{+CICLing2002 = "Proc.\ of the 3rd International Conference
        on Intelligent Text Processing and Computational Linguistics (CICLing-2002)"}

@String{+CICLing2003 = "Proc.\ of the 4th International Conference
        on Intelligent Text Processing and Computational Linguistics (CICLing-2003)"}




@String{+CoNLL1997 = "Proc.\ of the Conference on Computational Natural Language Learning (CoNLL-97)"}

@String{+CoNLL1998 = "Proc.\ of the Joint Conference on New Methods in
                  Language Processing and Computational Natural Language Learning (NeMLaP3/CoNLL98)"}

@String{+CoNLL1999 = "Proc.\ of the 3rd Conference on Computational Natural Language Learning (CoNLL-99)"}

@String{+CoNLL2000 = "Proc.\ of the 4th Conference on Computational Natural Language Learning (CoNLL-2000)"}

@String{+CoNLL2001 = "Proc.\ of the ACL/EACL-2001 Workshop on Computational Natural Language Learning (CoNLL-2001)"}

@String{+CoNLL2002 = "Proc.\ of the 6th Conference on Natural Language Learning (CoNLL-2002)"}

@String{+CoNLL2003 = "Proc.\ of the 7th Conference on Natural Language Learning (CoNLL-2003)"}

@String{+CoNLL2004 = "Proc.\ of the 8th Conference on Natural Language Learning (CoNLL-2004)"}





@String{+CL = "Computational Linguistics"}





@String{+CLEF2003 = "Working Notes for the CLEF 2003 Workshop"}





@String{+CLIN1994 = "Papers from the 4th CLIN Meeting"}

@String{+CLIN2000 = "Computational Linguistics in the Netherlands 2000"}

@String{+CLIN2003 = "Papers from the 14th Meeting of Computational Linguistics in the Netherlands"}




@String{+CLS1968 = "Papers of the 4th Regional Meeting of the Chicago
                  Linguistics Society"}

@String{+CLS1982 = "Papers of the 18th Regional Meeting of the Chicago
                  Linguistics Society"}

@String{+CLS1988 = "Papers of the 24th Regional Meeting of the Chicago
                  Linguistics Society"}

@String{+CLS1995 = "Papers of the 31st Regional Meeting of the Chicago
                  Linguistics Society"}




@String{+CLUK1999 = "Proc.\ of the 2nd UK Special Interest Group for Computational Linguistics (CLUK2)"}

@String{+CLUK2001 = "Proc.\ of the 4th UK Special Interest Group for Computational Linguistics (CLUK4)"}




@String{+COE1998 = "Proc.\ of the Kanda University of International Studies
                  Graduate School of Language Sciences Centre of Excellence in
                  Linguistics (COE) International Workshop"}




@String{+COGSCI2000 = "Proc.\ of the 22nd Annual Meeting of the Cognitive Science Society (CogSci 2000)"}





@String{+CPCOL = "The International Journal on Computer Processing of Oriental Language"}





@String{+COLING1980 = "Proc.\ of the 8th International Conference on
		  Computational Linguistics (COLING '80)"}

@String{+COLING1982 = "Proc.\ of the 9th International Conference on
                  Computational Linguistics (COLING '82)"}

@String{+COLING1984 = "Proc.\ of the 10th International Conference on
                  Computational Linguistics (COLING '84)"}

@String{+COLING1986 = "Proc.\ of the 11th International Conference on
                  Computational Linguistics (COLING '86)"}

@String{+COLING1990 = "Proc.\ of the 13th International Conference on
		  Computational Linguistics (COLING '90)"}

@String{+COLING1992 = "Proc.\ of the 14th International Conference on
		  Computational Linguistics (COLING '92)"}

@String{+COLING1994 = "Proc.\ of the 15th International Conference on
		  Computational Linguistics (COLING '94)"}

@String{+COLING1996 = "Proc.\ of the 16th International Conference on
		  Computational Linguistics (COLING '96)"}

@String{+COLING1998 = "Proc.\ of the 36th Annual Meeting of the ACL and
		  17th International Conference on Computational Linguistics
		  (COLING/ACL-98)"}

@String{+COLING1998-wordnet = "Proc.\ of the COLING-ACL'98 Workshop on
                  the Usage of {WordNet} in Natural Language Processing Systems"}

@String{+COLING1998-nominals = "Proc.\ of the COLING-ACL'98 Workshop on
                  the Computational Treatment of Nominals"}

@String{+COLING1998-term = "Proc.\ of the COLING-ACL'98 Workshop on
                  Computational Terminology"}

@String{+COLING2000 = "Proc.\ of the 18th International Conference on Computational Linguistics
		  (COLING 2000)"}

@String{+COLING2000-SEMWS = "Proc.\ of the COLING 2000 Workshop on Semantic
                  Annotation and Intelligent Content"}

@String{+COLING2002 = "Proc.\ of the 19th International Conference on Computational Linguistics
		  (COLING 2002)"}

@String{+COLING2002-MT = "Proc.\ of the COLING-2002 Workshop on Machine
                  Translation in Asia"}

@String{+COLING2004 = "Proc.\ of the 20th International Conference on Computational Linguistics
		  (COLING 2004)"}

@String{+COLING2004-Dict = "Proc.\ of the COLING-2004 Workshop on Enhancing and Using Electronic Dictionaries"}

@String{+COLING2004-ML = "Proc.\ of the COLING-2004 Workshop on Multilingual Resources"}




@String{+CSL-MWE = "Computer Speech and Language, Special Issue on Multiword Expressions"}





@String{+DARPA1992 = "Proc.\ of the 4th DARPA Speech and Natural Language Workshop"}








@String{+EACL1993 = "Proc.\ of the 6th Conference of the European Chapter of the
                  Association for Computational Linguistics (EACL'93)"}

@String{+EACL1995 = "Proc.\ of the 7th Conference of the European Chapter of the
                  Association for Computational Linguistics (EACL'95)"}

@String{+EACL1997 = "Proc.\ of the 35th Annual Meeting of the ACL and 8th
                  Conference of the EACL (ACL-EACL'97)"}

@String{+EACL1999 = "Proc.\ of the 9th Conference of the European Chapter of the
                  Association for Computational Linguistics (EACL'99)"}

@String{+EACL2001 = "Proc.\ of the 39th Annual Meeting of the ACL and 10th
                  Conference of the EACL (ACL-EACL 2001)"}

@String{+EACL2003 = "Proc.\ of the 10th Conference of the EACL (EACL 2003)"}






@String{+EMNLP1996 = "Proc.\ of the Conference on Empirical Methods in Natural 
                  Language Processing (EMNLP-96)"}

@String{+EMNLP1997 = "Proc.\ of the 2nd Conference on Empirical Methods in Natural 
                  Language Processing (EMNLP-97)"}

@String{+EMNLP1998 = "Proc.\ of the 3rd Conference on Empirical Methods in Natural 
                  Language Processing (EMNLP-98)"}

@String{+EMNLP1999 = "Proc.\ of the Joint SIGDAT Conference on Empirical Methods
                  in Natural Language Processing and Very Large Corpora
                  (EMNLP/VLC-99)"}

@String{+EMNLP2000 = "Proc.\ of the Joint SIGDAT Conference on Empirical Methods
                  in Natural Language Processing and Very Large Corpora
                  (EMNLP/VLC-2000)"}

@String{+EMNLP2001 = "Proc.\ of the 6th Conference on Empirical Methods in Natural 
                  Language Processing (EMNLP 2001)"}

@String{+EMNLP2002 = "Proc.\ of the 2002 Conference on Empirical Methods in Natural 
                  Language Processing (EMNLP 2002)"}

@String{+EMNLP2003 = "Proc.\ of the 2003 Conference on Empirical Methods in
                  Natural Language Processing (EMNLP 2003)"}

@String{+EMNLP2004 = "Proc.\ of the 2004 Conference on Empirical Methods in
                  Natural Language Processing (EMNLP 2004)"}




@String{+EWNLG1999 = "Proc.\ of the 7th European Workshop on Natural Language Generation (EWNLG'99)"}



@String{+GL2002 = "Proc.\ of the 1st International Workshop on Generative Approaches to the Lexicon"}

@String{+GL2003 = "Proc.\ of the 2nd International Workshop on Generative Approaches to the Lexicon"}




@String{+HLT2001 = "Proc.\ of Human Language Technology (HLT) 2001"}





@String{+HPSG2002 = "Proc.\ of the 9th International Conference on
            Head-Driven Phrase Structure Grammar (HPSG-2002)"}

@String{+HPSG2003 = "Proc.\ of the 10th International Conference on
            Head-Driven Phrase Structure Grammar (HPSG-2003)"}






@String{+ICML1992 = "Proc.\ of the 9th International Machine Learning Conference"}

@String{+ICML1993 = "Proc.\ of the 10th International Conference on Machine Learning"}

@String{+ICML1994 = "Proc.\ of the 11th International Conference on Machine Learning"}

@String{+ICML1999 = "Proc.\ of the 16th International Conference on Machine Learning"}





@String{+ICSLP1992 = "Proc.\ of the 2nd International Conference on Spoken
                  Language Processing (ICSLP'92)"}

@String{+ICSLP1996 = "Proc.\ of the 4th International Conference on Spoken
                  Language Processing (ICSLP'96)"}

@String{+ICSLP1998 = "Proc.\ of the 5th International Conference on Spoken
                  Language Processing (ICSLP'98)"}





@String{+IJCAI1989 = "Proc.\ of the 11th International Joint Conference on
                  Artificial Intelligence (IJCAI-89)"}

@String{+IJCAI1991 = "Proc.\ of the 12th International Joint Conference on
                  Artificial Intelligence (IJCAI-91)"}

@String{+IJCAI1993 = "Proc.\ of the 13th International Joint Conference on
                  Artificial Intelligence (IJCAI-93)"}

@String{+IJCAI1995 = "Proc.\ of the 14th International Joint Conference on
                  Artificial Intelligence (IJCAI-95)"}

@String{+IJCAI1997 = "Proc.\ of the 15th International Joint Conference on
                  Artificial Intelligence (IJCAI-97)"}

@String{+IJCAI1999 = "Proc.\ of the 16th International Joint Conference on
                  Artificial Intelligence (IJCAI-99)"}





@String{+IJCNLP2004 = "Proc.\ of the First International Joint Conference on Natural Language Processing (IJCNLP-04)"}




@String{+IRAL2003 = "Proc.\ of the  The Sixth International Workshop on
                  Information Retrieval with Asian Languages (IRAL2003)"}




@String{+JML = "Journal of Memory and Language"}




@String{+JNLP = "Journal of Natural Language Processing"}





@String{+JNLP1996 = "Proc.\ of the 2nd Annual Meeting of the Association for Natural
		  Language Processing (Japan)"}

@String{+JNLP1998 = "Proc.\ of the 4th Annual Meeting of the Association for Natural
		  Language Processing (Japan)"}

@String{+JNLP1999 = "Proc.\ of the 5th Annual Meeting of the Association for Natural
		  Language Processing (Japan)"}

@String{+JNLP2001 = "Proc.\ of the 7th Annual Meeting of the Association for Natural
		  Language Processing (Japan)"}

@String{+JNLP2002 = "Proc.\ of the 8th Annual Meeting of the Association for Natural
		  Language Processing (Japan)"}

@String{+JNLP2004 = "Proc.\ of the 10th Annual Meeting of the Association for Natural
		  Language Processing (Japan)"}





@String{+LREC1998 = "Proc.\ of the 1st International Conference on Language
                  Resources and Evaluation (LREC'98)"}

@String{+LREC2000 = "Proc.\ of the 2nd International Conference on Language
                  Resources and Evaluation (LREC 2000)"}

@String{+LREC2002 = "Proc.\ of the 3rd International Conference on Language
                  Resources and Evaluation (LREC 2002)"}

@String{+LREC2004 = "Proc.\ of the 4th International Conference on Language
                  Resources and Evaluation (LREC 2004)"}




@String{+LSA = "Proc.\ of the Linguistics Society of America (LSA) Annual Meeting"}





@String{+MTSummit1997 = "Proc.\ of the Fifth Machine Translation Summit (MT Summit V)"}

@String{+MTSummit2003 = "Proc.\ of the Ninth Machine Translation Summit (MT Summit IX)"}



@String{+ML = "Machine Learning"}




@String{+NeMLaP1994 = "Proc.\ of the Conference on New Methods in Natural Language Processing"}

@String{+NeMLaP1996 = "Proc.\ of the 2nd International Conference on New Methods
                  in Natural Language Processing"}

@String{+NeMLaP1998 = "Proc.\ of the Joint Conference on New Methods
                  in Natural Language Processing and Natural Language Learning
                  (NeMLaP3/CoNLL98)"}




@String{+NAACL2000 = "Proc.\ of the 1st Annual Meeting of the North American
                  Chapter of Association for Computational Linguistics (NAACL2000)"}

@String{+NAACL2001 = "Proc.\ of the 2nd Annual Meeting of the North American
                  Chapter of Association for Computational Linguistics (NAACL2001)"}

@String{+NAACL2001-WN = "Proc.\ of the NAACL 2001 Workshop on WordNet and Other
                   Lexical Resources: Applications, Extensions and Customizations"}

@String{+NAACL2002 = "Proc.\ of the 40th Annual Meeting of the ACL and 3rd Annual
                  Meeting of the NAACL (ACL-02)"}

@String{+NAACL2003 = "Proc.\ of the 3rd International Conference on Human Language Technology Research and 4th Annual Meeting of the NAACL (HLT-NAACL 2003)"}

@String{+NAACL2004 = "Proc.\ of the 4th International Conference on Human Language Technology Research and 5th Annual Meeting of the NAACL (HLT-NAACL 2004)"}






@String{+NLE = "Natural Language Engineering"}




@String{+NLPRS1995 = "Proc.\ of the 3rd Natural Language Processing Pacific
		  Rim Symposium 1995 (NLPRS'95)"}

@String{+NLPRS1997 = "Proc.\ of the 4th Natural Language Processing Pacific
		  Rim Symposium 1997 (NLPRS'97)"}





@String{+Papillon2003 = "Proc.\ of the Papillon-2003 Workshop"}

@String{+Papillon2004 = "Proc.\ of the Papillon-2004 Workshop on Multilingual
                  Lexical Databases"}




@String{+PACLIC2000 = "Proc.\ of the 14th Pacific Asia Conference on Language, Information and Computation (PACLIC 14)"}

@String{+PACLIC2004 = "Proc.\ of the 18th Pacific Asia Conference on Language, Information and Computation (PACLIC 18)"}




@String{+RIAO1988 = "Proc.\ of Recherche d'Informations Assistee par Ordinateur
                  1988 (RIAO'88)"}

@String{+RIAO2000 = "Proc.\ of Recherche d'Informations Assistee par Ordinateur
                  2000 (RIAO'2000)"}




@String{+SIGIR1990 = "Proc.\ of 13th International ACM-SIGIR Conference on Research and Development in Information Retrieval (SIGIR'90)"}

@String{+SIGIR1993 = "Proc.\ of 16th International ACM-SIGIR Conference on Research and Development in Information Retrieval (SIGIR'93)"}

@String{+SIGIR1994 = "Proc.\ of 17th International ACM-SIGIR Conference on Research and Development in Information Retrieval (SIGIR'94)"}

@String{+SIGIR1995 = "Proc.\ of 18th International ACM-SIGIR Conference on Research and Development in Information Retrieval (SIGIR'95)"}

@String{+SIGIR1996 = "Proc.\ of 19th International ACM-SIGIR Conference on Research and Development in Information Retrieval (SIGIR'96)"}

@String{+SIGIR1997 = "Proc.\ of 20th International ACM-SIGIR Conference on Research and Development in Information Retrieval (SIGIR'97)"}

@String{+SIGIR1998 = "Proc.\ of 21st International ACM-SIGIR Conference on Research and Development in Information Retrieval (SIGIR'98)"}

@String{+SIGIR1999 = "Proc.\ of 22nd International ACM-SIGIR Conference on Research and Development in Information Retrieval (SIGIR'99)"}

@String{+SIGIR2000 = "Proc.\ of 23rd International ACM-SIGIR Conference on Research and Development in Information Retrieval (SIGIR 2000)"}

@String{+SIGIR2001 = "Proc.\ of 24th International ACM-SIGIR Conference on Research and Development in Information Retrieval (SIGIR 2001)"}



@String{+SIGSEMPrep2003 = "Proc.\ of the ACL-SIGSEM Workshop on the Linguistic Dimensions of Prepositions and their Use
in Computational Linguistics Formalisms and Applications"}

@String{+SIGSEMPrep2005 = "Proc.\ of the Second ACL-SIGSEM Workshop on the Linguistic Dimensions of Prepositions and their Use
in Computational Linguistics Formalisms and Applications"}



@String{+TALN1999 = "Actes de la 6e Conf\'erence annuelle sur le Traitement Automatique des Langues Naturelles (TALN '99)"}




@String{+TMI1993 = "Proc.\ of the 5th International Conference on
Theoretical and Methodological Issues in Machine Translation (TMI-93)"}

@String{+TMI1995 = "Proc.\ of the 6th International Conference on
Theoretical and Methodological Issues in Machine Translation (TMI-95)"}

@String{+TMI1997 = "Proc.\ of the 7th International Conference on
Theoretical and Methodological Issues in Machine Translation (TMI-97)"}

@String{+TMI1999 = "Proc.\ of the 8th International Conference on
Theoretical and Methodological Issues in Machine Translation (TMI-99)"}

@String{+TMI2002 = "Proc.\ of the 9th International Conference on
Theoretical and Methodological Issues in Machine Translation (TMI 2002)"}




@String{+TREC1999 = "Proc.\ of the 7th Text REtrieval Conference (TREC-7)"}

@String{+TREC2000 = "Proc.\ of the 8th Text REtrieval Conference (TREC-8)"}



@String{+WCN1994 = "Proc.\ of the Workshop on Compound Nouns: Multilingual
                  Aspects of Nominal Composition"}



@String{+WVLC1993 = "Proc.\ of the Workshop on Very Large Corpora: Academic and
                  Industrial Perspectives"}

@String{+WVLC1994 = "Proc.\ of the 2nd Annual Workshop on Very Large Corpora"}

@String{+WVLC1995 = "Proc.\ of the 3rd Annual Workshop on Very Large Corpora"}

@String{+WVLC1996 = "Proc.\ of the 4th Annual Workshop on Very Large Corpora"}

@String{+WVLC1997 = "Proc.\ of the 5th Annual Workshop on Very Large Corpora"}

@String{+WVLC1998 = "Proc.\ of the 6th Annual Workshop on Very Large Corpora"}













@TechReport{ALPAC:1966,
  author =	 "{Automatic Language Processing Advisory Committee}",
  title =	 "Language and Machine: Computers in Translation and
                  Linguistics",
  institution =	 "National Academy of sciences, U.S. National Research
                  Council",
  year =	 1966
}

@InProceedings{AOkumura94,
  author = 	 {Akitoshi Okumura and Eduard Hovy},
  title = 	 {Building {Japanese-English} Dictionary based on Ontology for Machine Translation},
  booktitle = 	 +ARPA1994,
  address = 	 {Princeton, USA},
  year =	 1994,
  pages =	 {141--6}
}

@Article{Aarts89a,
  author = 	 {Bas Aarts},
  title = 	 {Verb-preposition Constructions and Small Clauses in {English}},
  journal = 	 {Journal of Linguistics},
  year = 	 1989,
  volume =	 25,
  pages =	 {277--90}
}

@Book{Aarts89b,
  author =	 {Bas Aarts},
  title = 	 {Small Clauses in {English}: the Non-verbal Types},
  publisher = 	 {Mouton de Gruyter},
  address =      {Berlin},
  year = 	 1989
}

@InProceedings{Abeille88,
  author = 	 {Anne Abeill\'e},
  title = 	 {Light verb constructions and extraction out of {NP} in a
                  tree adjoining grammar},
  booktitle =	 +CLS1988,
  year =	 1988
}

@InProceedings{Abeille90,
  author = 	 {Anne Abeill\'e},
  title = 	 {Lexical and Syntactic Rules in a Tree Adjoining Grammar},
  booktitle =	 +ACL1990,
  pages =	 {292--8},
  year =	 1990
}

@InCollection{Abeille95,
  author = 	 {Anne Abeill\'e},
  title = 	 {The Flexibility of {French} Idioms: A Representation with
                  {Lexicalised Tree Adjoining Grammar}},
  crossref =	 {_Idioms:StructuralPsychologicalPerspectives},
  chapter =	 1
}

@InProceedings{Abekawa:2001,
  author = 	 {Takeshi Abekawa and Kiyoaki Shirai and Hozumi Tanaka and Takenobu Tokunaga},
  title = 	 {\textit{T\=okei-j\=oh\=o-o riy\=o-shita
                  Nihongo-rentai-sh\=ushoku-setsu no kaiseki} (Statistical
                  Analysis of {Japanese} Relative Clause Constructions)},
  booktitle =	 +JNLP2001,
  pages =	 {269--72},
  year =	 2001,
  address =	 {Tokyo, Japan},
  note =	 {(in Japanese)}
}

@InProceedings{Abney99,
  author = 	 {Steven Abney and Robert E. Schapire and Yoram Singer},
  title = 	 {Boosting Applied to Tagging and PP attachment},
  booktitle = 	 {Proc.\ of the Joint SIGDAT Conference on Empirical Methods
                  in Natural Language Processing and Very Large Corpora},
  year =	 1999
}

 @book{Akimoto89,
   author =	 {Minoji Akimoto},
   title = 	 {A Study of Verbo-Nominal Structures in English},
   publisher = 	 {Tokyo: Shinozaki Shorin},
   year = 	 1989
 }

@InProceedings{Aha94,
  author = 	 {David W. Aha and Richard L. Bankert},
  title = 	 {Feature Selection for Case-Based Classification of Cloud
                  Types: An Empirical Comparison},
  booktitle = 	 {Proc.\ of the AAAI-94 Workshop on Case-Based Reasoning},
  year =	 1994
}

@InProceedings{Ahmed+:2004,
  author = 	 {Bashir Ahmed and {Sung-Hyuk} Cha and Charles Tappert},
  title = 	 {Language Identification from Text Using N-gram Based
                  Cumulative Frequency Addition},
  booktitle =	 {Proc.\ of the Student/Faculty Research Day, CSIS, Pace University},
  year =	 2004
}

@InProceedings{Akiba94,
  author = 	 "Tomoyoshi Akiba and Hozumi Tanaka",
  title = 	 "A {Bayesian} approach to user modeling in dialogue systems",
  pages =	 "1212--8",
  booktitle =	 +COLING1994,
  address =      {Kyoto, Japan},
  year =	 1994
}

@InProceedings{Akiba:Watanabe:Sumita:2002,
  author =	 "Yasuhiro Akiba and Taro Watanabe and Eichiro Sumita",
  title =	 "Using Language and Translation Models to Select the
                  Best among Outputs from Multiple Machine Translation
                  Systems",
  booktitle =	 coling-2002,
  pages =	 "8--14",
  year =	 2002,
  volume =	 1,
  address =	 "Taipei"
}

@InProceedings{Aldinger:2004,
  author = 	 {Nadine Aldinger},
  title = 	 {Towards a dynamic lexicon: Predicting the syntactic argument structure of complex verbs},
  booktitle =	 +LREC2004,
  year =	 2004,
  address =	 {Lisbon, Portugal}
}

@InProceedings{Alegria+:2004,
  author = 	 {Inaki Alegria and Olatz Ansa and Xabier Artola and Nerea
                  Ezeiza and Koldo Gojenola and Ruben Urizar},
  title = 	 { Representation and Treatment of Multiword Expressions in Basque},
  booktitle =	 +ACL2004-MWE,
  year =	 2004,
  address =	 {Barcelona, Spain}
}

@Article{Alexander78,
  author = 	 {Richard J. Alexander},
  title = 	 {Fixed Expressions in {English}: A Linguistic,
                  Psycholinguistic, Sociolinguistic and Didactic Study (Part 1)},
  journal = 	 {Anglistik und Englischunterricht},
  year = 	 1978,
  volume =	 6,
  pages =	 {171--88}
}

@Article{Alexander79,
  author = 	 {Richard J. Alexander},
  title = 	 {Fixed Expressions in {English}: A Linguistic,
                  Psycholinguistic, Sociolinguistic and Didactic Study (Part 2)},
  journal = 	 {Anglistik und Englischunterricht},
  year = 	 1979,
  volume =	 7,
  pages =	 {181--202}
}

@Article{Allan:1980,
  author = 	 {Keith Allan},
  title = 	 {Nouns and countability},
  journal = 	 {Language},
  year = 	 1980,
  volume =	 56,
  number =	 3,
  pages =	 {541--67}
}


@Book{Allen87,
  author = 	 {Jonathan Allen and M. Sharon Hunnicutt and Dennis Klatt},
  title = 	 {From Text to Speech: The {MITTalk} System},
  publisher = 	 {Cambridge University Press},
  address =      {Cambridge, UK},
  year = 	 1987
}

@Book{Allerton02,
  author =	 {D.J. Allerton},
  title = 	 {Stretched Verb Constructions in {English}},
  publisher = 	 {Routledge},
  year = 	 2002,
  address =	 {London, UK}
}

@Article{Allerton84,
  author = 	 {D.J. Allerton},
  title = 	 {Three (or four) levels of word cooccurrence restriction},
  journal = 	 {Lingua},
  year = 	 1984,
  volume =	 63,
  pages =	 {17--40}
}

@InProceedings{Almuallim91,
  author = 	 {Hussein Almuallim and Thomas G. Dietterich},
  title = 	 {Learning with Many Irrelevant Features},
  booktitle = 	 +AAAI1991,
  address =	 {Anaheim, USA},
  year =	 1991,
  pages =	 {547-52}
}

@InProceedings{Almuallim92,
  author = 	 {Hussein Almuallim and Thomas G. Dietterich},
  title = 	 {Efficient Algorithms for Identifying Relevant Features},
  booktitle = 	 {Proc.\ of the 9th Canadian Conference on Artificial Intelligence},
  year =	 1992,
  pages =	 {38--45}
}

@InProceedings{Almuallim94,
  author = 	 {Hussein Almuallim and Yasuhiro Akiba and Takefumi Yamazaki},
  title = 	 {Two Methods for Learning {ALT-J/E} Rules from Examples and a Semantic Hierarchy},
  booktitle =	 +COLING1994,
  year =	 1994,
  address =      {Kyoto, Japan},
  pages =	 {57--63}
}

@InProceedings{Alshawi92,
  author = 	 "Hiyan Alshawi and Richard Crouch",
  title = 	 "Monotonic semantic interpretation",
  booktitle =	 +ACL1992,
  address =      {Newark, USA},
  year =	 1992
}

@Article{Alshawi94a,
  author = 	 {Hiyan Alshawi and David Carter},
  title = 	 {Training and Scaling Preference Functions for Disambiguation},
  journal = 	 +CL,
  year = 	 1994,
  volume =	 20,
  number =	 4,
  pages =	 {635--48}
}

@Misc{AltaVista,
  key =	         "Alta Vista",
  title =	 "Alta Vista search engine",
  howpublished = "{\tt http:/\hspace*{-0.3ex}/altavista.digital.com}",
  url = "{http://altavista.digital.com}"
}


@BOOK{Altman:1991,
AUTHOR={Douglas G. Altman},
TITLE={Practical Statistics for Medical Research},
PUBLISHER={Chapman and Hall},
YEAR=1991
}

@InProceedings{Ananiadou94,
  author = 	 {Sophia Ananiadou},
  title = 	 {A methodology for automatic term recognition},
  booktitle =	 +COLING1994,
  pages =	 {1034--8},
  address =      {Kyoto, Japan},
  year =	 1994
}

@InCollection{Anderson85,
  author = 	 "Susan R. Anderson and Edward L. Keenan",
  title = 	 "Deixis",
  booktitle =	 "Linguistic typology and syntactic description",
  year =	 1985,
  editor =	 "Shopen, Timothy",
  volume =	 "III",
  publisher = 	 {Cambridge University Press},
  address = 	 {Cambridge, UK},
  pages =	 "259--308"
}


@Article{Ando:Lee:2003,
  author = 	 {Rie {Kubota Ando} and Lillian Lee},
  title = 	 {Mostly-Unsupervised Statistical Segmentation of {Japanese}
                  Kanji Sequences},
  journal = 	 +NLE,
  year = 	 2003,
  volume =       9,
  issue =        2,
  pages =        {127--49}
}

@Article{Aoe:1992,
  author =	 "J. Aoe and K. Morimoto and T. Sato",
  title =	 "An Efficient Implementation of Trie Structures",
  journal =	 "Software Practice \& Experiments",
  year =	 1992,
  volume =	 22,
  number =	 9,
  pages =	 "695--721"
}

@InProceedings{Apel:Quint:2004,
  author = 	 {Ulrich Apel and Julien Quint},
  title = 	 {Building a Graphetic Dictionary for the Description of Japanese Kanji Brush Strokes, Stroke Groups, their Position and Path Data},
  booktitle =	 +COLING2004-ML,
  year =	 2004,
  address =	 {Geneva, Switzerland}
}

@Article{Appelt85,
  author = 	 "Douglas E. Appelt",
  title = 	 "Planning {English} referring expressions",
  journal =	 "Artificial Intelligence",
  year =	 1985,
  volume =	 26,
  pages =	 "1--33"
}




@TechReport{Arakawa:1998,
  author =	 "Naoya Arakawa",
  title =	 "The Recognition of Noun Usage and Pronominal
                  Anaphora in {Japanese}",
  institution =	 "ATR",
  year =	 1998,
  number =	 "TR-IT-0280",
  address =	 "Kyoto"
}

@InProceedings{Arehart:2003,
  author = 	 {Mark Arehart},
  title = 	 {Linguistic versus nonlinguistic constraints on noun compound interpretation},
  booktitle =	 +LSA,
  year =	 2003
}

@Book{Arnold+:1994,
  author =	 {Doug J. Arnold and Lorna Balkan and Siety Meijer and R. Lee Humphreys and Louisa Sadler},
  title = 	 {Machine Translation: an Introductory Guide},
  publisher = 	 {Blackwells-NCC},
  year = 	 1994,
  address =	 {London, UK}
}

@InCollection{Arnold99,
  author = 	 {Doug Arnold and Louisa Sadler},
  title = 	 {Non-compositionality and Translation},
  booktitle = 	 {Recent Developments and Applications of Natural Language Processing},
  publisher =	 {Kogan Page},
  address = 	 {London, UK},
  year =	 1988,
  editor =	 {J. Peckham}
}

@InProceedings{Smith:2005,
  author = 	 {Kim Smith},
  title = 	 {{LT} Stuff},
  booktitle =	 +ACL2005,
  pages =	 {1--8},
  year =	 2005,
  address =	 {Ann Arbor, USA}
}




